@article{DeManzano2013,
author = {de Manzano, {\"{O}}rjan and Cervenka, Simon and Jucaite, Aurelija and Hellen{\"{a}}s, Oscar and Farde, Lars and Ull{\'{e}}n, Fredrik},
journal = {NeuroImage},
pages = {1--6},
title = {{Individual differences in the proneness to have flow experiences are linked to dopamine D2-receptor availability in the dorsal striatum}},
volume = {67},
year = {2013}
}
@article{Csikszentmihalyi1975,
author = {Csikszentmihalyi, Mihalyi},
journal = {Journal of Humanistic Psychology},
number = {3},
pages = {41--63},
title = {{Play and Intrinsic Rewards}},
volume = {15},
year = {1975}
}
@article{Slagter2012,
  author    = {Heleen A. Slagter and
               Rachel Tomer and
               Bradley T. Christian and
               Andrew S. Fox and
               Lorenza S. Colzato and
               Carlye R. King and
               Dhanabalan Murali and
               Richard J. Davidson},
  title     = {{PET} Evidence for a Role for Striatal Dopamine in the Attentional
               Blink: Functional Implications},
  journal   = {J. Cognitive Neuroscience},
  volume    = {24},
  number    = {9},
  pages     = {1932--1940},
  year      = {2012},
}
@article{COLZATO2008,
author = {Colzato, Lorenza S and Slagter, Heleen A and Spap{\'{e}}, Michiel M A and Hommel, Bernhard},
journal = {Neuropsychologia},
number = {13},
pages = {3179--3183},
title = {{Blinks of the eye predict blinks of the mind}},
volume = {46},
year = {2008}
}
@article{Karson1983,
author = {Karson, Craig N.},
journal = {Brain},
number = {3},
pages = {643--653},
title = {{Spontaneous eye-blink rates and dopaminergic systems.}},
volume = {106 (Pt 3)},
year = {1983}
}
@article{Taylor1999,
author = {Taylor, J R and Elsworth, J D and Lawrence, M S and Sladek, J R and Roth, R H and Redmond, D E},
journal = {Experimental neurology},
number = {1},
pages = {214--20},
pmid = {10448434},
title = {{Spontaneous blink rates correlate with dopamine levels in the caudate nucleus of MPTP-treated monkeys.}},
volume = {158},
year = {1999}
}
@article{Seger2005,
author = {Seger, Carol A and Cincotta, Corinna M},
journal = {The Journal of neuroscience : the official journal of the Society for Neuroscience},
number = {11},
pages = {2941--51},
title = {{The roles of the caudate nucleus in human classification learning.}},
volume = {25},
year = {2005}
}
@article{Schrimsher2002,
author = {Schrimsher, G. W. and Billingsley, R. L. and Jackson, E. F. and Moore, B. D.},
journal = {Journal of Child Neurology},
number = {12},
pages = {877--884},
title = {{Caudate Nucleus Volume Asymmetry Predicts Attention-Deficit Hyperactivity Disorder (ADHD) Symptomatology in Children}},
volume = {17},
year = {2002}
}
@article{Slagter2015,
author = {Slagter, Heleen A. and Georgopoulou, Katerina and Frank, Michael J.},
journal = {Neuropsychologia},
pages = {126-132},
title = {{Spontaneous eye blink rate predicts learning from negative, not positive, outcomes}},
volume = {71},
year = {2015}
}

@article{dang2017spontaneous,
  title={Spontaneous eye blink rate (EBR) is uncorrelated with dopamine D2 receptor availability and unmodulated by dopamine agonism in healthy adults},
  author={Dang, Linh C and Samanez-Larkin, Gregory R and Castrellon, Jaime J and Perkins, Scott F and Cowan, Ronald L and Newhouse, Paul A and Zald, David H},
  journal={eNeuro},
  pages={ENEURO--0211},
  year={2017},
  publisher={Society for Neuroscience}
}

@book{csik1975beyond,
  title={Beyond boredom and anxiety},
  author={Csikszentmihalyi, Mihaly and Csikszentmihalyi, Isabella},
  volume={721},
  year={1975},
  publisher={Jossey-Bass San Francisco}
}

@ARTICLE{Cowley2019flow,
AUTHOR={Cowley, Benjamin Ultan and Palom\"{a}ki, Jussi and Tammi, Tuisku and Frantsi, Roosa and Inkil\"{a}, Ville-Pekka and Lehtonen, Noora and P\"{o}l\"{o}nen, Pasi and Veps\"{a}l\"{a}inen, Juha and Lappi, Otto},
TITLE={Flow Experiences During Visuomotor Skill Acquisition Reflect Deviation From a Power-Law Learning Curve, but Not Overall Level of Skill},
JOURNAL={Frontiers in Psychology},
VOLUME={10},
PAGES={1126},
YEAR={2019},
ISSN={1664-1078},
}

@ARTICLE{Aarts2011,
AUTHOR={Aarts, Esther and van Holstein, Mieke and Cools, Roshan},
TITLE={Striatal Dopamine and the Interface between Motivation and Cognition},
JOURNAL={Frontiers in Psychology},
VOLUME={2},
PAGES={163},
YEAR={2011}
}

@unknown{Slooten2019,
author = {van Slooten, Joanne and Jahfari, Sara and Theeuwes, Jan},
year = {2019},
month = {06},
pages = {preprint},
title = {Spontaneous eye blink rate predicts individual differences in exploration and exploitation during reinforcement learning},
url = {https://www.researchgate.net/publication/333631737}
}